<record><leader>00000cas a22000007a 4500</leader><controlfield tag="001">12729551</controlfield><controlfield tag="008">851028d18761877pauwr ne      0    0eng d</controlfield><datafield ind1=" " ind2=" " tag="010"><subfield code="a">sn 85054831 </subfield></datafield><datafield ind1=" " ind2=" " tag="040"><subfield code="a">NPH</subfield><subfield code="b">eng</subfield><subfield code="c">NPH</subfield><subfield code="d">OCLCQ</subfield></datafield><datafield ind1=" " ind2=" " tag="042"><subfield code="a">msc</subfield></datafield><datafield ind1="0" ind2=" " tag="130"><subfield code="a">Columbia County advertiser (Catawissa, Pa.)</subfield></datafield><datafield ind1="1" ind2="0" tag="245"><subfield code="a">Columbia County advertiser.</subfield></datafield><datafield ind1=" " ind2=" " tag="260"><subfield code="a">Catawissa, Pa. :</subfield><subfield code="b">Joseph Rinard</subfield></datafield><datafield ind1=" " ind2=" " tag="300"><subfield code="a">v. ;</subfield><subfield code="c">36 cm.</subfield></datafield><datafield ind1=" " ind2=" " tag="310"><subfield code="a">Weekly</subfield></datafield><datafield ind1="1" ind2=" " tag="362"><subfield code="a">Began in 1876; ceased in 1877?</subfield><subfield code="z">Cf. Battle, J.H. History of Columbia and Montour Counties, Pa.</subfield></datafield><datafield ind1=" " ind2=" " tag="588"><subfield code="a">Description based on: Vol. 1, no. 8 (July 27, 1876).</subfield></datafield><datafield ind1=" " ind2=" " tag="752"><subfield code="a">United States</subfield><subfield code="b">Pennsylvania</subfield><subfield code="c">Columbia</subfield><subfield code="d">Catawissa.</subfield></datafield></record>